<?xml version="1.0" encoding="UTF-8"?><collection xmlns="http://www.loc.gov/MARC21/slim"><record><leader>00472nam--2200133-i-4500</leader><controlfield tag="001">000028608</controlfield><controlfield tag="002">20161230</controlfield><controlfield tag="005">20161230201037</controlfield><controlfield tag="008">060222s1000------------r-----000-0-eng-d</controlfield><datafield ind1=" " ind2=" " tag="080"><subfield code="a">621.31:061.3</subfield></datafield><datafield ind1=" " ind2=" " tag="245"><subfield code="a">Sinopses of papers presented at the 1971 ieee international convention march 22-25, 1971, new york</subfield></datafield><datafield ind1=" " ind2=" " tag="260"><subfield code="a">New York, The Institute Of Electrical And Electronics Engineers, Inc., 1971. 643p</subfield></datafield><datafield ind1=" " ind2=" " tag="490"><subfield code="a">1971 Ieee Interenational Convention Digest</subfield></datafield><datafield ind1=" " ind2=" " tag="852"><subfield code="a">16320</subfield></datafield></record></collection>